<record><leader>00000cas a2200000 a 4500</leader><controlfield tag="001">11365013</controlfield><controlfield tag="008">841108d19011905ksuwr ne      0   a0eng d</controlfield><datafield ind1=" " ind2=" " tag="010"><subfield code="a">sn 84030020 </subfield></datafield><datafield ind1=" " ind2=" " tag="040"><subfield code="a">KSH</subfield><subfield code="b">eng</subfield><subfield code="c">KSH</subfield><subfield code="d">NPT</subfield><subfield code="d">OCL</subfield><subfield code="d">OCLCQ</subfield></datafield><datafield ind1=" " ind2=" " tag="042"><subfield code="a">msc</subfield></datafield><datafield ind1="0" ind2="0" tag="245"><subfield code="a">Graham County recorder.</subfield></datafield><datafield ind1=" " ind2=" " tag="260"><subfield code="a">Hill City, Kan. :</subfield><subfield code="b">W.A. Hill,</subfield><subfield code="c">1901-1905.</subfield></datafield><datafield ind1=" " ind2=" " tag="300"><subfield code="a">4 v. :</subfield><subfield code="b">ill. ;</subfield><subfield code="c">48-55 cm.</subfield></datafield><datafield ind1=" " ind2=" " tag="310"><subfield code="a">Weekly</subfield></datafield><datafield ind1="0" ind2=" " tag="362"><subfield code="a">Vol. 4, no. 37 (Apr. 12, 1901)-v. 8, no. 31 (Feb. 24, 1905).</subfield></datafield><datafield ind1=" " ind2=" " tag="525"><subfield code="a">Has occasional supplements.</subfield></datafield><datafield ind1=" " ind2=" " tag="752"><subfield code="a">United States</subfield><subfield code="b">Kansas</subfield><subfield code="c">Graham</subfield><subfield code="d">Hill City.</subfield></datafield><datafield ind1="0" ind2="0" tag="780"><subfield code="t">Graham gem</subfield><subfield code="w">(DLC)sn 84030007</subfield></datafield><datafield ind1="0" ind2="4" tag="785"><subfield code="t">People's reveille</subfield><subfield code="w">(DLC)sn 84030017</subfield></datafield></record>